<?xml version="1.0" encoding="UTF-8"?>
<record xmlns="http://www.loc.gov/MARC21/slim" xmlns:xsi="http://www.w3.org/2001/XMLSchema-instance" xsi:schemaLocation="http://www.loc.gov/MARC21/slim http://www.loc.gov/standards/marcxml/schema/MARC21slim.xsd">
<leader>00000cam a22      a 4500</leader>
<controlfield tag="001">001907318</controlfield>
<controlfield tag="003">NNU</controlfield>
<controlfield tag="005">20150709174106.0</controlfield>
<controlfield tag="008">890216s1988    ir       bd   000 0 ara d</controlfield>
<datafield tag="035" ind1=" " ind2=" ">
<subfield code="a">(OCoLC)22317655</subfield>
</datafield>
<datafield tag="040" ind1=" " ind2=" ">
<subfield code="a">PUL</subfield>
<subfield code="b">eng</subfield>
<subfield code="c">PUL</subfield>
<subfield code="d">LGG</subfield>
<subfield code="d">OCLCQ</subfield>
<subfield code="d">OCLCF</subfield>
<subfield code="d">OCLCO</subfield>
<subfield code="d">OCLCQ</subfield>
<subfield code="d">NNU</subfield>
</datafield>
<datafield tag="041" ind1="0" ind2=" ">
<subfield code="a">araper</subfield>
</datafield>
<datafield tag="050" ind1=" " ind2="4">
<subfield code="a">BP193.25.K8423</subfield>
<subfield code="b">B37 1988</subfield>
</datafield>
<datafield tag="082" ind1="0" ind2="4">
<subfield code="a">297.1248</subfield>
</datafield>
<datafield tag="100" ind1="1" ind2=" ">
<subfield code="a">Barāzish, ʻAlī Riz̤ā</subfield>
<subfield code="6">880-01</subfield>
</datafield>
<datafield tag="245" ind1="1" ind2="3">
<subfield code="6">880-02</subfield>
<subfield code="a">al-Muʻjam al-mufahras li-alfāẓ al-Uṣūl min al-Kāfī /</subfield>
<subfield code="c">waḍaʻahu ʻAlī Riḍā Barāzish.</subfield>
</datafield>
<datafield tag="260" ind1=" " ind2=" ">
<subfield code="6">880-03</subfield>
<subfield code="a">[Tehran] :</subfield>
<subfield code="b">Munaẓẓamat al-Iʻlām al-Islāmī, "Muʻāwanīyat al-Thaqāfah wa-al-Nashr",</subfield>
<subfield code="c">1988.</subfield>
</datafield>
<datafield tag="300" ind1=" " ind2=" ">
<subfield code="a">2 volumes (21, 2011 pages) ;</subfield>
<subfield code="c">25 cm</subfield>
</datafield>
<datafield tag="336" ind1=" " ind2=" ">
<subfield code="a">text</subfield>
<subfield code="b">txt</subfield>
<subfield code="2">rdacontent</subfield>
</datafield>
<datafield tag="337" ind1=" " ind2=" ">
<subfield code="a">unmediated</subfield>
<subfield code="b">n</subfield>
<subfield code="2">rdamedia</subfield>
</datafield>
<datafield tag="338" ind1=" " ind2=" ">
<subfield code="a">volume</subfield>
<subfield code="b">nc</subfield>
<subfield code="2">rdacarrier</subfield>
</datafield>
<datafield tag="500" ind1=" " ind2=" ">
<subfield code="a">Introds. also in Persian.</subfield>
</datafield>
<datafield tag="500" ind1=" " ind2=" ">
<subfield code="a">Thumb-indexed.</subfield>
</datafield>
<datafield tag="504" ind1=" " ind2=" ">
<subfield code="a">Includes bibliographical references.</subfield>
</datafield>
<datafield tag="600" ind1="1" ind2="0">
<subfield code="6">880-04</subfield>
<subfield code="a">Kulaynī, Muḥammad ibn Yaʻqūb,</subfield>
<subfield code="d">-941?</subfield>
<subfield code="t">Kāfī</subfield>
<subfield code="v">Concordances.</subfield>
</datafield>
<datafield tag="630" ind1="0" ind2="7">
<subfield code="a">Kāfī (Kulaynī, Muḥammad ibn Yaʻqūb)</subfield>
<subfield code="2">fast</subfield>
<subfield code="0">(OCoLC)fst01371510</subfield>
</datafield>
<datafield tag="655" ind1=" " ind2="7">
<subfield code="a">Concordances.</subfield>
<subfield code="2">fast</subfield>
<subfield code="0">(OCoLC)fst01423768</subfield>
</datafield>
<datafield tag="880" ind1="1" ind2=" ">
<subfield code="6">100-01/</subfield>
<subfield code="a">برازش، علي رضا.</subfield>
</datafield>
<datafield tag="880" ind1="1" ind2="2">
<subfield code="6">245-02/</subfield>
<subfield code="a">المعجم المفهرس لالفاظ الاصول من الكافي /</subfield>
<subfield code="c">وضعه علي رضا برازش.</subfield>
</datafield>
<datafield tag="880" ind1=" " ind2=" ">
<subfield code="6">260-03/</subfield>
<subfield code="a">[طهران] :</subfield>
<subfield code="b">منظمة الاعلام الاسلامي، "معاونية الثقافة والنشر"،</subfield>
<subfield code="c">1988.</subfield>
</datafield>
<datafield tag="880" ind1="1" ind2="4">
<subfield code="6">600-04/</subfield>
<subfield code="a">كليني، محمد بن يعقوب،</subfield>
<subfield code="d">-941?</subfield>
<subfield code="t">كافي</subfield>
<subfield code="v">Concordances.</subfield>
</datafield>
<datafield tag="OWN" ind1=" " ind2=" ">
<subfield code="a">GENERAL</subfield>
</datafield>
<datafield tag="AVA" ind1=" " ind2=" ">
<subfield code="a">NYU50</subfield>
<subfield code="b">BOBST</subfield>
<subfield code="c">Main Collection</subfield>
<subfield code="d">BP193.25 .K84234 1988</subfield>
<subfield code="e">available</subfield>
<subfield code="t">Available</subfield>
<subfield code="f">2</subfield>
<subfield code="g">0</subfield>
<subfield code="h">Y</subfield>
<subfield code="i">0</subfield>
<subfield code="j">MAIN</subfield>
<subfield code="k">0</subfield>
</datafield>
</record>
